%% This BibTeX bibliography file was created using BibDesk.
%% http://bibdesk.sourceforge.net/

%% Created for Derek Mendez at 2016-03-16 01:23:15 -0500 


%% Saved with string encoding Unicode (UTF-8) 



@article{friedel1913symetries,
	Author = {Friedel, Georges},
	Date-Added = {2016-03-15 16:24:26 +0000},
	Date-Modified = {2016-03-15 16:24:26 +0000},
	Journal = {CR Acad Sci},
	Pages = {1533--1536},
	Title = {Sur les sym{\'e}tries cristallines que peut r{\'e}v{\'e}ler la diffraction des rayons R{\"o}ntgen},
	Volume = {157},
	Year = {1913}}

@article{iglewicz1993volume,
	Author = {Iglewicz, Boris and Hoaglin, David},
	Date-Added = {2016-03-15 16:23:33 +0000},
	Date-Modified = {2016-03-15 16:23:33 +0000},
	Journal = {The ASQC Basic Reference in Quality Control: Statistical Technique},
	Title = {Volume 16: how to detect and handle outliers},
	Year = {1993}}

@article{savitzky1964smoothing,
	Author = {Savitzky, Abraham and Golay, Marcel JE},
	Date-Added = {2016-03-15 16:20:45 +0000},
	Date-Modified = {2016-03-15 16:20:45 +0000},
	Journal = {Analytical chemistry},
	Number = {8},
	Pages = {1627--1639},
	Publisher = {ACS Publications},
	Title = {Smoothing and differentiation of data by simplified least squares procedures.},
	Volume = {36},
	Year = {1964}}

@article{langford1978scherrer,
	Author = {Langford, J Il and Wilson, AJC},
	Date-Added = {2016-03-15 16:14:50 +0000},
	Date-Modified = {2016-03-15 16:14:50 +0000},
	Journal = {Journal of Applied Crystallography},
	Number = {2},
	Pages = {102--113},
	Publisher = {International Union of Crystallography},
	Title = {Scherrer after sixty years: a survey and some new results in the determination of crystallite size},
	Volume = {11},
	Year = {1978}}

@misc{scherrer1969bestimmung,
	Author = {Scherrer, P},
	Date-Added = {2016-03-15 16:14:24 +0000},
	Date-Modified = {2016-03-15 16:14:24 +0000},
	Publisher = {Wiley-Interscience, New York},
	Title = {Bestimmung der Grosse und der inneren Struktur von Kolloidteilchen mittels Rontgenstrahlen (1918) in: X-ray Diffraction Methods in Polymer Science, Ed. LE Alexander},
	Year = {1969}}

@article{misquitta2003detergents,
	Author = {Misquitta, Y and Caffrey, M},
	Date-Added = {2016-03-15 16:12:27 +0000},
	Date-Modified = {2016-03-15 16:12:27 +0000},
	Journal = {Biophysical journal},
	Number = {5},
	Pages = {3084--3096},
	Publisher = {Elsevier},
	Title = {Detergents destabilize the cubic phase of monoolein: implications for membrane protein crystallization},
	Volume = {85},
	Year = {2003}}

@article{caffrey2009crystallizing,
	Author = {Caffrey, Martin and Cherezov, Vadim},
	Date-Added = {2016-03-15 16:12:10 +0000},
	Date-Modified = {2016-03-15 16:12:10 +0000},
	Journal = {Nature protocols},
	Number = {5},
	Pages = {706--731},
	Publisher = {Nature Publishing Group},
	Title = {Crystallizing membrane proteins using lipidic mesophases},
	Volume = {4},
	Year = {2009}}

@article{cheng1998simple,
	Author = {Cheng, Anchi and Hummel, Bernard and Qiu, Hong and Caffrey, Martin},
	Date-Added = {2016-03-15 16:11:53 +0000},
	Date-Modified = {2016-03-15 16:11:53 +0000},
	Journal = {Chemistry and Physics of Lipids},
	Number = {1},
	Pages = {11--21},
	Publisher = {Elsevier},
	Title = {A simple mechanical mixer for small viscous lipid-containing samples},
	Volume = {95},
	Year = {1998}}

@article{ai2000membrane,
	Author = {Ai, X and Caffrey, M},
	Date-Added = {2016-03-15 16:11:34 +0000},
	Date-Modified = {2016-03-15 16:11:34 +0000},
	Journal = {Biophysical journal},
	Number = {1},
	Pages = {394--405},
	Publisher = {Elsevier},
	Title = {Membrane protein crystallization in lipidic mesophases: detergent effects},
	Volume = {79},
	Year = {2000}}

@article{howie1984elastic,
	Author = {Howie, A and Marks, LD},
	Date-Added = {2016-03-15 16:11:10 +0000},
	Date-Modified = {2016-03-15 16:11:10 +0000},
	Journal = {Philosophical Magazine A},
	Number = {1},
	Pages = {95--109},
	Publisher = {Taylor \&amp; Francis},
	Title = {Elastic strains and the energy balance for multiply twinned particles},
	Volume = {49},
	Year = {1984}}

@article{kam1980reconstruction,
	Author = {Kam, Zvi},
	Date-Added = {2016-03-15 16:10:49 +0000},
	Date-Modified = {2016-03-15 16:10:49 +0000},
	Journal = {Journal of theoretical biology},
	Number = {1},
	Pages = {15--39},
	Publisher = {Elsevier},
	Title = {The reconstruction of structure from electron micrographs of randomly oriented particles},
	Volume = {82},
	Year = {1980}}

@article{malmerberg2015operational,
	Author = {Malmerberg, Erik and Kerfeld, Cheryl A and Zwart, Petrus H},
	Date-Added = {2016-03-15 16:10:28 +0000},
	Date-Modified = {2016-03-15 16:10:28 +0000},
	Journal = {IUCrJ},
	Number = {3},
	Pages = {309--316},
	Publisher = {International Union of Crystallography},
	Title = {Operational properties of fluctuation X-ray scattering data},
	Volume = {2},
	Year = {2015}}

@article{kurta2012xray,
	Author = {Kurta, RP and Altarelli, M and Weckert, E and Vartanyants, IA},
	Date-Added = {2016-03-15 16:10:10 +0000},
	Date-Modified = {2016-03-15 18:08:20 +0000},
	Journal = {Physical Review B},
	Number = {18},
	Pages = {184204},
	Publisher = {APS},
	Title = {X-ray cross-correlation analysis applied to disordered two-dimensional systems},
	Volume = {85},
	Year = {2012}}

@article{altarelli2010x,
	Author = {Altarelli, M and Kurta, RP and Vartanyants, IA},
	Date-Added = {2016-03-15 16:09:52 +0000},
	Date-Modified = {2016-03-15 16:09:52 +0000},
	Journal = {Physical Review B},
	Number = {10},
	Pages = {104207},
	Publisher = {APS},
	Title = {X-ray cross-correlation analysis and local symmetries of disordered systems: General theory},
	Volume = {82},
	Year = {2010}}

@inproceedings{kurta2013cross,
	Author = {Kurta, RP and Chesnokov, Y and Weckert, E and Vartanyants, IA},
	Booktitle = {Journal of Physics: Conference Series},
	Date-Added = {2016-03-15 16:09:34 +0000},
	Date-Modified = {2016-03-15 18:37:29 +0000},
	Organization = {IOP Publishing},
	Pages = {012046},
	Title = {Cross-correlation analysis of x-ray scattering from oxygen clusters},
	Volume = {463},
	Year = {2013}}

@article{wochner2009x,
	Author = {Wochner, Peter and Gutt, Christian and Autenrieth, Tina and Demmer, Thomas and Bugaev, Volodymyr and Ortiz, Alejandro D{\'\i}az and Duri, Agn{\`e}s and Zontone, Federico and Gr{\"u}bel, Gerhard and Dosch, Helmut},
	Date-Added = {2016-03-15 16:09:07 +0000},
	Date-Modified = {2016-03-15 16:09:07 +0000},
	Journal = {Proceedings of the National Academy of Sciences},
	Number = {28},
	Pages = {11511--11514},
	Publisher = {National Acad Sciences},
	Title = {X-ray cross correlation analysis uncovers hidden local symmetries in disordered matter},
	Volume = {106},
	Year = {2009}}

@article{pande2015simulations,
	Author = {Pande, K and Schmidt, M and Schwander, P and Saldin, DK},
	Date-Added = {2016-03-15 16:08:49 +0000},
	Date-Modified = {2016-03-15 16:08:49 +0000},
	Journal = {Structural Dynamics},
	Number = {2},
	Pages = {024103},
	Publisher = {American Crystallographic Association, Inc.},
	Title = {Simulations on time-resolved structure determination of uncrystallized biomolecules in the presence of shot noise},
	Volume = {2},
	Year = {2015}}

@article{liu2012computation,
	Author = {Liu, Haiguang and Poon, Billy K and Janssen, Augustus JEM and Zwart, Peter H},
	Date-Added = {2016-03-15 16:08:25 +0000},
	Date-Modified = {2016-03-15 16:08:25 +0000},
	Journal = {Acta Crystallographica Section A: Foundations of Crystallography},
	Number = {5},
	Pages = {561--567},
	Publisher = {International Union of Crystallography},
	Title = {Computation of fluctuation scattering profiles via three-dimensional Zernike polynomials},
	Volume = {68},
	Year = {2012}}

@article{schenk2015potential,
	Author = {Schenk, Gundolf and Krajina, Brad and Spakowitz, Andrew and Doniach, Sebastian},
	Date-Added = {2016-03-15 16:08:08 +0000},
	Date-Modified = {2016-03-15 16:08:08 +0000},
	Journal = {Modern Physics Letters B},
	Pages = {1650117},
	Publisher = {World Scientific},
	Title = {Potential for measurement of the distribution of DNA folds in complex environments using Correlated X-ray Scattering},
	Year = {2015}}

@article{lehmkuhler2014detecting,
	Author = {Lehmk{\"u}hler, Felix and Gr{\"u}bel, Gerhard and Gutt, Christian},
	Date-Added = {2016-03-15 16:07:52 +0000},
	Date-Modified = {2016-03-15 16:07:52 +0000},
	Journal = {Journal of applied crystallography},
	Number = {4},
	Pages = {1315--1323},
	Publisher = {International Union of Crystallography},
	Title = {Detecting orientational order in model systems by X-ray cross-correlation methods},
	Volume = {47},
	Year = {2014}}

@article{ishikawa2012compact,
	Author = {Ishikawa, Tetsuya and Aoyagi, Hideki and Asaka, Takao and Asano, Yoshihiro and Azumi, Noriyoshi and Bizen, Teruhiko and Ego, Hiroyasu and Fukami, Kenji and Fukui, Toru and Furukawa, Yukito and others},
	Date-Added = {2016-03-15 16:07:30 +0000},
	Date-Modified = {2016-03-15 16:07:30 +0000},
	Journal = {Nature Photonics},
	Number = {8},
	Pages = {540--544},
	Publisher = {Nature Publishing Group},
	Title = {A compact X-ray free-electron laser emitting in the sub-angstrom region},
	Volume = {6},
	Year = {2012}}

@article{emma2010first,
	Author = {Emma, Paul and Akre, R and Arthur, J and Bionta, R and Bostedt, C and Bozek, J and Brachmann, A and Bucksbaum, P and Coffee, Ryan and Decker, F-J and others},
	Date-Added = {2016-03-15 16:07:12 +0000},
	Date-Modified = {2016-03-15 16:07:12 +0000},
	Journal = {nature photonics},
	Number = {9},
	Pages = {641--647},
	Publisher = {Nature Publishing Group},
	Title = {First lasing and operation of an {\aa}ngstrom-wavelength free-electron laser},
	Volume = {4},
	Year = {2010}}

@article{poon2015use,
	Author = {Poon, HC and Saldin, DK},
	Date-Added = {2016-03-15 16:06:56 +0000},
	Date-Modified = {2016-03-15 16:06:56 +0000},
	Journal = {Structural Dynamics},
	Number = {4},
	Pages = {041716},
	Publisher = {American Crystallographic Association, Inc.},
	Title = {Use of triple correlations for the sign determinations of expansion coefficients of symmetric approximations to the diffraction volumes of regular viruses},
	Volume = {2},
	Year = {2015}}

@article{elser2011strategies,
	Author = {Elser, Veit},
	Date-Added = {2016-03-15 16:06:37 +0000},
	Date-Modified = {2016-03-15 16:06:37 +0000},
	Journal = {Ultramicroscopy},
	Number = {7},
	Pages = {788--792},
	Publisher = {Elsevier},
	Title = {Strategies for processing diffraction data from randomly oriented particles},
	Volume = {111},
	Year = {2011}}

@article{chen2012structure,
	Author = {Chen, Gang and Modestino, Miguel A and Poon, Billy K and Schirotzek, Andre and Marchesini, Stefano and Segalman, Rachel A and Hexemer, Alexander and Zwart, Peter H},
	Date-Added = {2016-03-15 16:06:19 +0000},
	Date-Modified = {2016-03-15 16:06:19 +0000},
	Journal = {Journal of synchrotron radiation},
	Number = {5},
	Pages = {695--700},
	Publisher = {International Union of Crystallography},
	Title = {Structure determination of Pt-coated Au dumbbells via fluctuation X-ray scattering},
	Volume = {19},
	Year = {2012}}

@article{liu2013three,
	Author = {Liu, Haiguang and Poon, Billy K and Saldin, Dilano K and Spence, John CH and Zwart, Peter H},
	Date-Added = {2016-03-15 16:06:00 +0000},
	Date-Modified = {2016-03-15 16:06:00 +0000},
	Journal = {Acta Crystallographica Section A: Foundations of Crystallography},
	Number = {4},
	Pages = {365--373},
	Publisher = {International Union of Crystallography},
	Title = {Three-dimensional single-particle imaging using angular correlations from X-ray laser data},
	Volume = {69},
	Year = {2013}}

@article{schroer2014characteristics,
	Author = {Schroer, MA and Gutt, C and Gr{\"u}bel, G},
	Date-Added = {2016-03-15 16:05:44 +0000},
	Date-Modified = {2016-03-15 16:05:44 +0000},
	Journal = {Physical Review E},
	Number = {1},
	Pages = {012309},
	Publisher = {APS},
	Title = {Characteristics of angular cross correlations studied by light scattering from two-dimensional microsphere films},
	Volume = {90},
	Year = {2014}}

@article{kurta2013xray,
	Author = {R. P. Kurta"},
	Date-Added = {2016-03-15 16:05:22 +0000},
	Date-Modified = {2016-03-15 18:08:14 +0000},
	Doi = {10.1103/PhysRevE.88.044501},
	Journal = {Physical Review E},
	Number = {4},
	Title = {X-ray cross-correlation analysis of liquid crystal membranes in the vicinity of the hexatic-smectic phase transition},
	Volume = {88},
	Year = {2013},
	Bdsk-Url-1 = {http://dx.doi.org/10.1103/PhysRevE.88.044501}}

@article{saldin2011reconstructing,
	Author = {Saldin, DK and Poon, H-C and Schwander, Peter and Uddin, Miraj and Schmidt, Marius},
	Date-Added = {2016-03-15 16:03:42 +0000},
	Date-Modified = {2016-03-15 16:03:42 +0000},
	Journal = {Optics express},
	Number = {18},
	Pages = {17318--17335},
	Publisher = {Optical Society of America},
	Title = {Reconstructing an icosahedral virus from single-particle diffraction experiments},
	Volume = {19},
	Year = {2011}}

@article{starodub2012single,
	Author = {Starodub, Dmitri and Aquila, Andrew and Bajt, Sa{\v{s}}a and Barthelmess, Miriam and Barty, Anton and Bostedt, Christoph and Bozek, John D and Coppola, Nicola and Doak, R Bruce and Epp, Sascha W and others},
	Date-Added = {2016-03-15 16:03:23 +0000},
	Date-Modified = {2016-03-15 16:03:23 +0000},
	Journal = {Nature communications},
	Pages = {1276},
	Publisher = {Nature Publishing Group},
	Title = {Single-particle structure determination by correlations of snapshot X-ray diffraction patterns},
	Volume = {3},
	Year = {2012}}

@article{saldin2011new,
	Author = {Saldin, DK and Poon, HC and Bogan, MJ and Marchesini, S and Shapiro, DA and Kirian, RA and Weierstall, U and Spence, JCH},
	Date-Added = {2016-03-15 16:03:06 +0000},
	Date-Modified = {2016-03-15 16:03:06 +0000},
	Journal = {Physical Review Letters},
	Number = {11},
	Pages = {115501},
	Publisher = {APS},
	Title = {New light on disordered ensembles: ab initio structure determination of one particle from scattering fluctuations of many copies},
	Volume = {106},
	Year = {2011}}

@article{pedrini2013two,
	Author = {Pedrini, B and Menzel, A and Guizar-Sicairos, M and Guzenko, VA and Gorelick, S and David, C and Patterson, BD and Abela, R},
	Date-Added = {2016-03-15 16:02:45 +0000},
	Date-Modified = {2016-03-15 16:02:45 +0000},
	Journal = {Nature communications},
	Pages = {1647},
	Publisher = {Nature Publishing Group},
	Title = {Two-dimensional structure from random multiparticle X-ray scattering images using cross-correlations},
	Volume = {4},
	Year = {2013}}

@article{pande2014deducing,
	Author = {Pande, K and Schwander, P and Schmidt, M and Saldin, DK},
	Date-Added = {2016-03-15 16:02:23 +0000},
	Date-Modified = {2016-03-15 16:02:23 +0000},
	Journal = {Philosophical Transactions of the Royal Society of London B: Biological Sciences},
	Number = {1647},
	Pages = {20130332},
	Publisher = {The Royal Society},
	Title = {Deducing fast electron density changes in randomly orientated uncrystallized biomolecules in a pump--probe experiment},
	Volume = {369},
	Year = {2014}}

@article{saldin2010structure,
	Author = {Saldin, DK and Shneerson, VL and Howells, Malcolm R and Marchesini, Stefano and Chapman, Henry N and Bogan, M and Shapiro, D and Kirian, RA and Weierstall, U and Schmidt, KE and others},
	Date-Added = {2016-03-15 16:02:01 +0000},
	Date-Modified = {2016-03-15 16:02:01 +0000},
	Journal = {New Journal of Physics},
	Number = {3},
	Pages = {035014},
	Publisher = {IOP Publishing},
	Title = {Structure of a single particle from scattering by many particles randomly oriented about an axis: toward structure solution without crystallization?},
	Volume = {12},
	Year = {2010}}

@article{saldin2009structure,
	Author = {Saldin, DK and Shneerson, VL and Fung, R and Ourmazd, A},
	Date-Added = {2016-03-15 16:01:44 +0000},
	Date-Modified = {2016-03-15 16:01:44 +0000},
	Journal = {Journal of Physics: Condensed Matter},
	Number = {13},
	Pages = {134014},
	Publisher = {IOP Publishing},
	Title = {Structure of isolated biomolecules obtained from ultrashort x-ray pulses: exploiting the symmetry of random orientations},
	Volume = {21},
	Year = {2009}}

@article{saldin2010beyond,
	Author = {Saldin, DK and Poon, HC and Shneerson, VL and Howells, M and Chapman, HN and Kirian, RA and Schmidt, KE and Spence, JCH},
	Date-Added = {2016-03-15 16:01:25 +0000},
	Date-Modified = {2016-03-15 16:01:25 +0000},
	Journal = {Physical Review B},
	Number = {17},
	Pages = {174105},
	Publisher = {APS},
	Title = {Beyond small-angle x-ray scattering: Exploiting angular correlations},
	Volume = {81},
	Year = {2010}}

@article{mendez2014observation,
	Author = {Mendez, Derek and Lane, Thomas J and Sung, Jongmin and Sellberg, Jonas and Levard, Cl{\'e}ment and Watkins, Herschel and Cohen, Aina E and Soltis, Michael and Sutton, Shirley and Spudich, James and others},
	Date-Added = {2016-03-15 16:01:05 +0000},
	Date-Modified = {2016-03-15 16:01:05 +0000},
	Journal = {Phil. Trans. R. Soc. B},
	Number = {1647},
	Pages = {20130315},
	Publisher = {The Royal Society},
	Title = {Observation of correlated X-ray scattering at atomic resolution},
	Volume = {369},
	Year = {2014}}

@article{kam1981fluctuation,
	Author = {Kam, Z and Koch, MH and Bordas, J},
	Date-Added = {2016-03-15 16:00:44 +0000},
	Date-Modified = {2016-03-15 16:00:44 +0000},
	Journal = {Proceedings of the National Academy of Sciences},
	Number = {6},
	Pages = {3559--3562},
	Publisher = {National Acad Sciences},
	Title = {Fluctuation x-ray scattering from biological particles in frozen solution by using synchrotron radiation},
	Volume = {78},
	Year = {1981}}

@article{neutze2000potential,
	Author = {Neutze, Richard and Wouts, Remco and van der Spoel, David and Weckert, Edgar and Hajdu, Janos},
	Date-Added = {2016-03-15 16:00:27 +0000},
	Date-Modified = {2016-03-15 16:00:27 +0000},
	Journal = {Nature},
	Number = {6797},
	Pages = {752--757},
	Publisher = {Nature Publishing Group},
	Title = {Potential for biomolecular imaging with femtosecond X-ray pulses},
	Volume = {406},
	Year = {2000}}

@article{kirian2011signal,
	Author = {Kirian, Richard A and Schmidt, Kevin E and Wang, Xiaoyu and Doak, R Bruce and Spence, John CH},
	Date-Added = {2016-03-15 16:00:06 +0000},
	Date-Modified = {2016-03-15 16:00:06 +0000},
	Journal = {Physical Review E},
	Number = {1},
	Pages = {011921},
	Publisher = {APS},
	Title = {Signal, noise, and resolution in correlated fluctuations from snapshot small-angle X-ray scattering},
	Volume = {84},
	Year = {2011}}

@article{dai2002shapes,
	Author = {Dai, Zu Rong and Sun, Shouheng and Wang, Zhong L},
	Date-Added = {2016-03-15 15:59:32 +0000},
	Date-Modified = {2016-03-15 15:59:32 +0000},
	Journal = {Surface science},
	Pages = {325--335},
	Publisher = {Elsevier},
	Title = {Shapes, multiple twins and surface structures of monodisperse FePt magnetic nanocrystals},
	Volume = {505},
	Year = {2002}}

@article{chen2013three,
	Author = {Chen, Chien-Chun and Zhu, Chun and White, Edward R and Chiu, Chin-Yi and Scott, MC and Regan, BC and Marks, Laurence D and Huang, Yu and Miao, Jianwei},
	Date-Added = {2016-03-15 15:59:11 +0000},
	Date-Modified = {2016-03-15 15:59:11 +0000},
	Journal = {Nature},
	Number = {7443},
	Pages = {74--77},
	Publisher = {Nature Publishing Group},
	Title = {Three-dimensional imaging of dislocations in a nanoparticle at atomic resolution},
	Volume = {496},
	Year = {2013}}

@article{yacaman1992electron,
	Author = {Jos{\'e}-Yacam{\'a}n, M and Avalos-Borja, M},
	Date-Added = {2016-03-15 15:58:55 +0000},
	Date-Modified = {2016-03-15 18:39:32 +0000},
	Journal = {Catalysis Reviews},
	Number = {1-2},
	Pages = {55--127},
	Publisher = {Taylor \&amp; Francis},
	Title = {Electron microscopy of metallic nano particles using high-and medium-resolution techniques},
	Volume = {34},
	Year = {1992}}

@article{marks1981high,
	Author = {Marks, LD and Smith, David J},
	Date-Added = {2016-03-15 15:58:33 +0000},
	Date-Modified = {2016-03-15 15:58:33 +0000},
	Journal = {Journal of Crystal Growth},
	Number = {3},
	Pages = {425--432},
	Publisher = {Elsevier},
	Title = {High resolution studies of small particles of gold and silver: I. Multiply-twinned particles},
	Volume = {54},
	Year = {1981}}

@article{yang1979crystallography2,
	Author = {Yang, CY and Yacaman, MJ and Heinemann, K},
	Date-Added = {2016-03-15 15:57:12 +0000},
	Date-Modified = {2016-03-15 18:00:55 +0000},
	Journal = {Journal of Crystal Growth},
	Number = {2},
	Pages = {283--290},
	Publisher = {Elsevier},
	Title = {Crystallography of decahedral and icosahedral particles: II. High symmetry orientations},
	Volume = {47},
	Year = {1979}}

@article{yang1979crystallography,
	Author = {Yang, CY},
	Date-Added = {2016-03-15 15:56:54 +0000},
	Date-Modified = {2016-03-15 15:56:54 +0000},
	Journal = {Journal of Crystal Growth},
	Number = {2},
	Pages = {274--282},
	Publisher = {Elsevier},
	Title = {Crystallography of decahedral and icosahedral particles: I. Geometry of twinning},
	Volume = {47},
	Year = {1979}}

@article{langille2012stepwise,
	Author = {Langille, Mark R and Zhang, Jian and Personick, Michelle L and Li, Shuyou and Mirkin, Chad A},
	Date-Added = {2016-03-15 15:56:38 +0000},
	Date-Modified = {2016-03-15 15:56:38 +0000},
	Journal = {Science},
	Number = {6097},
	Pages = {954--957},
	Publisher = {American Association for the Advancement of Science},
	Title = {Stepwise evolution of spherical seeds into 20-fold twinned icosahedra},
	Volume = {337},
	Year = {2012}}

@article{yacaman1979structure,
	Author = {Yacaman, MJ and Heinemann, K and Yang, CY and Poppa, H},
	Date-Added = {2016-03-15 15:56:17 +0000},
	Date-Modified = {2016-03-15 15:56:17 +0000},
	Journal = {Journal of Crystal Growth},
	Number = {2},
	Pages = {187--195},
	Publisher = {Elsevier},
	Title = {The structure of small, vapor-deposited particles: II. Experimental study of particles with hexagonal profile},
	Volume = {47},
	Year = {1979}}

@article{heinemann1979structure,
	Author = {Heinemann, K and Yacaman, MJ and Yang, CY and Poppa, H},
	Date-Added = {2016-03-15 15:55:59 +0000},
	Date-Modified = {2016-03-15 15:55:59 +0000},
	Journal = {Journal of Crystal Growth},
	Number = {2},
	Pages = {177--186},
	Publisher = {Elsevier},
	Title = {The structure of small, vapor-deposited particles: I. Experimental study of single crystals and particles with pentagonal profiles},
	Volume = {47},
	Year = {1979}}

@article{ringe2013kinetic,
	Author = {Ringe, Emilie and Van Duyne, Richard P and Marks, Laurence D},
	Date-Added = {2016-03-15 15:55:36 +0000},
	Date-Modified = {2016-03-15 15:55:36 +0000},
	Journal = {The Journal of Physical Chemistry C},
	Number = {31},
	Pages = {15859--15870},
	Publisher = {ACS Publications},
	Title = {Kinetic and thermodynamic modified wulff constructions for twinned nanoparticles},
	Volume = {117},
	Year = {2013}}

@article{marks1984surface,
	Author = {Marks, LD},
	Date-Added = {2016-03-15 15:55:20 +0000},
	Date-Modified = {2016-03-15 15:55:20 +0000},
	Journal = {Philosophical Magazine A},
	Number = {1},
	Pages = {81--93},
	Publisher = {Taylor \&amp; Francis},
	Title = {Surface structure and energetics of multiply twinned particles},
	Volume = {49},
	Year = {1984}}

@article{marks1983modified,
	Author = {Marks, LD},
	Date-Added = {2016-03-15 15:54:57 +0000},
	Date-Modified = {2016-03-15 15:54:57 +0000},
	Journal = {Journal of Crystal Growth},
	Number = {3},
	Pages = {556--566},
	Publisher = {Elsevier},
	Title = {Modified Wulff constructions for twinned particles},
	Volume = {61},
	Year = {1983}}

@article{ino1969stability,
	Author = {Ino, Shozo},
	Date-Added = {2016-03-15 15:54:41 +0000},
	Date-Modified = {2016-03-15 15:54:41 +0000},
	Journal = {Journal of the Physical Society of Japan},
	Number = {4},
	Pages = {941--953},
	Publisher = {The Physical Society of Japan},
	Title = {Stability of multiply-twinned particles},
	Volume = {27},
	Year = {1969}}

@article{narayanan2004shape,
	Author = {Narayanan, Radha and El-Sayed, Mostafa A},
	Date-Added = {2016-03-15 15:52:01 +0000},
	Date-Modified = {2016-03-15 15:52:01 +0000},
	Journal = {Nano letters},
	Number = {7},
	Pages = {1343--1348},
	Publisher = {ACS Publications},
	Title = {Shape-dependent catalytic activity of platinum nanoparticles in colloidal solution},
	Volume = {4},
	Year = {2004}}

@article{narayanan2005catalysis,
	Author = {Narayanan, Radha and El-Sayed, Mostafa A},
	Date-Added = {2016-03-15 15:51:35 +0000},
	Date-Modified = {2016-03-15 15:51:35 +0000},
	Journal = {The Journal of Physical Chemistry B},
	Number = {26},
	Pages = {12663--12676},
	Publisher = {ACS Publications},
	Title = {Catalysis with transition metal nanoparticles in colloidal solution: nanoparticle shape dependence and stability},
	Volume = {109},
	Year = {2005}}

@article{yacaman1981effect,
	Author = {M.Jos{\'e} Yacam{\'a}n and S. Fuentes and J.M. Dominguez},
	Date-Added = {2016-03-15 15:51:04 +0000},
	Date-Modified = {2016-03-15 18:39:40 +0000},
	Doi = {http://dx.doi.org/10.1016/0039-6028(81)90239-9},
	Issn = {0039-6028},
	Journal = {Surface Science},
	Number = {1},
	Pages = {472 - 477},
	Title = {The effect of shape and crystal structure of small particles on their catalytic activity},
	Url = {http://www.sciencedirect.com/science/article/pii/0039602881902399},
	Volume = {106},
	Year = {1981},
	Bdsk-Url-1 = {http://www.sciencedirect.com/science/article/pii/0039602881902399},
	Bdsk-Url-2 = {http://dx.doi.org/10.1016/0039-6028(81)90239-9}}

@article{kam1977determination,
	Author = {Kam, Zvi},
	Date-Added = {2016-03-15 15:50:04 +0000},
	Date-Modified = {2016-03-15 15:50:04 +0000},
	Journal = {Macromolecules},
	Number = {5},
	Pages = {927--934},
	Publisher = {ACS Publications},
	Title = {Determination of macromolecular structure in solution by spatial correlation of scattering fluctuations},
	Volume = {10},
	Year = {1977}}
